<record><leader>00000cas a22000007a 4500</leader><controlfield tag="001">18800047</controlfield><controlfield tag="008">881123d189u190unyuwr ne      0    0eng d</controlfield><datafield ind1=" " ind2=" " tag="010"><subfield code="a">sn 88074879 </subfield></datafield><datafield ind1=" " ind2=" " tag="040"><subfield code="a">NYS</subfield><subfield code="b">eng</subfield><subfield code="c">NYS</subfield><subfield code="d">NYG</subfield><subfield code="d">NYS</subfield><subfield code="d">OCLCQ</subfield></datafield><datafield ind1=" " ind2=" " tag="042"><subfield code="a">msc</subfield></datafield><datafield ind1="0" ind2=" " tag="130"><subfield code="a">Standard (Schoharie, N.Y.)</subfield></datafield><datafield ind1="1" ind2="4" tag="245"><subfield code="a">The standard.</subfield></datafield><datafield ind1=" " ind2=" " tag="260"><subfield code="a">Schoharie, N.Y. :</subfield><subfield code="b">C.S. Hitchcock, L.S. Vroman</subfield></datafield><datafield ind1=" " ind2=" " tag="300"><subfield code="a">v.</subfield></datafield><datafield ind1=" " ind2=" " tag="310"><subfield code="a">Weekly</subfield></datafield><datafield ind1=" " ind2=" " tag="500"><subfield code="a">Publisher: Leland S. Vroman, &lt;Nov. 4, 1899-1901&gt;</subfield></datafield><datafield ind1=" " ind2=" " tag="588"><subfield code="a">Description based on: Vol. 1, no. 34 (July 1, 1899).</subfield></datafield><datafield ind1=" " ind2="4" tag="651"><subfield code="a">Schoharie (N.Y.)</subfield><subfield code="v">Newspapers.</subfield></datafield><datafield ind1=" " ind2=" " tag="752"><subfield code="a">United States</subfield><subfield code="b">New York</subfield><subfield code="c">Schoharie</subfield><subfield code="d">Schoharie.</subfield></datafield><datafield ind1="0" ind2="0" tag="785"><subfield code="t">Schoharie standard</subfield><subfield code="w">(DLC)sn 88074880</subfield><subfield code="w">(OCoLC)18798870</subfield></datafield><datafield ind1="1" ind2=" " tag="029"><subfield code="a">AU@</subfield><subfield code="b">000020541653</subfield></datafield></record>